@book{berg2006logica,
	title={L{\'o}gica de Programa{\c{c}}{\~a}o},
	author={Berg, A.},
	isbn={9788585692513},
	url={http://books.google.com.br/books?id=UKrDctoNzBMC},
	year={2006},
	publisher={ULBRA}
}


@book{forbellone2000logica,
	title={L{\'o}gica de programa{\c{c}}{\~a}o},
	author={Forbellone, A.L.V. and Ebersp{\~a}cher, H.F.},
	url={http://books.google.com.br/books?id=UDW1AAAACAAJ},
	year={2000},
	publisher={Makron Books}
}

@online{IAref,
	author = {Valor , O Globo},
	title = {Os pr√≥s e contras do recrutamento por algoritmo}},
	year = 2018,
	url = {https://valor.globo.com/carreira/recursos-humanos/noticia/2018/08/08/os-pros-e-contras-do-recrutamento-por-algoritmo.ghtml},
	urldate = {2019-09-30}
}
