@mastersthesis{lopes,
  author       = {Eduardo Lopes}, 
  title        = {Detecção de Faces e Características Faciais},
  school       = {Pontifícia Universidade Católica do Rio Grande do Sul},
  year         = 2016,
  address      = {Rio grande do Sul,RS},
  month        = 7,
  note         = {}
}


@mastersthesis{Marques,
	author       = {Ion Marques}, 
	title        = {Face Recognition Algorithms},
	school       = {Universidad del Pais Vasco },
	year         = 2010,
	address      = {Espanha},
	month        = 6,
	note         = {}
}

Detecção de Faces em Imagens baseada na 
Identificação da Pele e dos Olhos 

@mastersthesis{Marques,
	author       = {Fernando J. S. Carvalho,João Manuel R. S. Tavares}, 
	title        = {Detecção de Faces em Imagens baseada na 
	Identificação da Pele e dos Olhos },
	school       = {FEUP – Faculdade de Engenharia da Universidade do Porto},
	year         = 2015,
	address      = {Portugal},
	month        = 6,
	note         = {}
}


@ONLINE{artigo_motion,
	author = {Marcel Caraciolo},
	title = {Computação Evolucionária: Algoritmos Genéticos},
	month = Fevereiro,
	year = {2009},
	url = {http://aimotion.blogspot.com/2009/02/computacao-evolucionaria-algoritmos.html}
}
